# En este archivo se coloca la bibliografía en formato BibTeX, se recomienda buscar el documento en scholar.google.com y luego hacer click en "citar" y seleccionar el formato "BibTeX" para obtener el snippet que debe ir aquí.

% Recuerde que hay que citar estas entradas en el documento para que aparezcan en la bibliografía. e.g. \cite{schwab2002cure}

% Recuerde NO reemplazar los "and" por "y" en los campos de author, ¡Puesto que "and" es una palabra clave para separarlos!
@ARTICLE{Safavian, 
author={S. R. {Safavian} and D. {Landgrebe}}, 
journal={IEEE Transactions on Systems, Man, and Cybernetics}, 
title={A survey of decision tree classifier methodology}, 
year={1991}, 
volume={21}, 
number={3}, 
pages={660-674}, 
doi={10.1109/21.97458}, 
ISSN={0018-9472}, 
month={May},}

@misc{ATLASweb,
title={ATLAS Experiment Site},
author={ATLAS},
year={2018},
note={Accessed:17-12-2018. \url{https://atlas.cern.ch}}
}

@article{Aad2016,
  doi = {10.1007/jhep08(2016)045},
  url = {https://doi.org/10.1007/jhep08(2016)045},
  year  = {2016},
  month = {aug},
  publisher = {Springer Nature},
  volume = {2016},
  number = {8},
  author = {Aad, G. and others},
  title = {Measurements of the Higgs boson production and decay rates and constraints on its couplings from a combined {ATLAS} and {CMS} analysis of the {LHC} pp collision data at s = 7 {\textdollar}{\textdollar} {\textbackslash}sqrt$\lbrace$s$\rbrace$=7 {\textdollar}{\textdollar} and 8 {TeV}},
  journal = {Journal of High Energy Physics}
}

@article{Aad2012,
  doi = {10.1016/j.physletb.2012.08.020},
  url = {https://doi.org/10.1016/j.physletb.2012.08.020},
  year  = {2012},
  month = {sep},
  publisher = {Elsevier {BV}},
  volume = {716},
  number = {1},
  pages = {1--29},
  author = {G. Aad and T. Abajyan and B. Abbott and J. Abdallah and others},
  title = {Observation of a new particle in the search for the Standard Model Higgs boson with the {ATLAS} detector at the {LHC}},
  journal = {Physics Letters B}
}

@article{Aad2012b,
  doi = {10.1103/physrevd.86.032003},
  url = {https://doi.org/10.1103/physrevd.86.032003},
  year  = {2012},
  month = {aug},
  publisher = {American Physical Society ({APS})},
  volume = {86},
  number = {3},
  author = {G. Aad and T. Abajyan and others},
  title = {Combined search for the Standard Model Higgs boson inppcollisions ats=7{\hspace{0.167em}}{\hspace{0.167em}}{TeVwith} the {ATLAS} detector},
  journal = {Physical Review D}
}

@article{CMS2016,
  url = {https://cds.cern.ch/record/2204936/files/HIG-16-029-pas.pdf},
  year = {2016},
  publisher = {CMS Collaboration},
  title = {Search for the resonant Higgs boson pair production in the $b\bar{b}\tau^+\tau^-$}
}

@article{Aad2015,
  doi = {10.1103/physrevd.92.092004},
  url = {https://doi.org/10.1103/physrevd.92.092004},
  year  = {2015},
  month = {nov},
  publisher = {American Physical Society ({APS})},
  volume = {92},
  number = {9},
  author = {G. Aad and B. Abbott and J. Abdallah and others},
  title = {Searches for Higgs boson pair production in the hh$\rightarrow$bb$\uptau\uptau$, $\upgamma\upgamma{WW}{\ast}$, $\upgamma\upgamma$bb, bbbb channels with the {ATLAS} detector},
  journal = {Physical Review D}
}

@article{Chatrchyan2012,
  doi = {10.1016/j.physletb.2012.08.021},
  url = {https://doi.org/10.1016/j.physletb.2012.08.021},
  year  = {2012},
  month = {sep},
  publisher = {Elsevier {BV}},
  volume = {716},
  number = {1},
  pages = {30--61},
  author = {S. Chatrchyan and V. Khachatryan and others},
  title = {Observation of a new boson at a mass of 125 {GeV} with the {CMS} experiment at the {LHC}},
  journal = {Physics Letters B}
}

@article{Brun1997,
  doi = {10.1016/s0168-9002(97)00048-x},
  url = {https://doi.org/10.1016/s0168-9002(97)00048-x},
  year  = {1997},
  month = {apr},
  publisher = {Elsevier {BV}},
  volume = {389},
  number = {1-2},
  pages = {81--86},
  author = {Rene Brun and Fons Rademakers},
  title = {{ROOT} {\textemdash} An object oriented data analysis framework},
  journal = {Nuclear Instruments and Methods in Physics Research Section A: Accelerators,  Spectrometers,  Detectors and Associated Equipment}
}

@article{al2006,
  doi = {10.1088/0954-3899/33/1/001},
  url = {https://doi.org/10.1088/0954-3899/33/1/001},
  year  = {2006},
  month = {jul},
  publisher = {{IOP} Publishing},
  volume = {33},
  number = {1},
  pages = {1--1232},
  author = {W.-M Yao and C. Amsler and others},
  title = {Review of Particle Physics},
  journal = {Journal of Physics G: Nuclear and Particle Physics}
}

@inproceedings{Rogozhnikov2016,
  title={Reweighting with boosted decision trees},
  author={A. Rogozhnikov},
  booktitle={Journal of Physics: Conference Series},
  volume={762},
  number={1},
  pages={012036},
  year={2016},
  organization={IOP Publishing}
}

@inproceedings{Derkach2018,
  title={Machine-Learning-based global particle-identification algorithms at the LHCb experiment},
  author={Derkach, Denis and Hushchyn, Mikhail and Likhomanenko, Tatiana and Rogozhnikov, Alex and Kazeev, Nikita and Chekalina, Victoria and Neychev, Radoslav and Kirillov, Stanislav and Ratnikov, Fedor and LHCb collaboration and others},
  booktitle={Journal of Physics: Conference Series},
  volume={1085},
  number={4},
  pages={042038},
  year={2018},
  organization={IOP Publishing}
}

@article{Baglio2011,
  doi = {10.1007/jhep03(2011)055},
  url = {https://doi.org/10.1007/jhep03(2011)055},
  year  = {2011},
  month = {mar},
  publisher = {Springer Nature},
  volume = {2011},
  number = {3},
  author = {Julien Baglio and Abdelhak Djouadi},
  title = {Higgs production at the {lHC}},
  journal = {Journal of High Energy Physics}
}

@article{glover1988higgs,
  title={Higgs boson pair production via gluon fusion},
  author={Glover, EW Nigel and Van der Bij, Jochum J},
  journal={Nuclear Physics B},
  volume={309},
  number={2},
  pages={282--294},
  year={1988},
  publisher={Elsevier}
}

@article{Brein2013vh,
  title={vh@ nnlo—Higgs Strahlung at hadron colliders},
  author={Brein, Oliver and Harlander, Robert V and Zirke, Tom JE},
  journal={Computer Physics Communications},
  volume={184},
  number={3},
  pages={998--1003},
  year={2013},
  publisher={Elsevier}
}

@article{kunszt1984associated,
  title={Associated production of heavy Higgs boson with top quarks},
  author={Kunszt, Zolt{\'a}n},
  journal={Nuclear Physics B},
  volume={247},
  number={2},
  pages={339--359},
  year={1984},
  publisher={Elsevier}
}

@article{Dicus1985,
  doi = {10.1103/physrevd.32.1642},
  url = {https://doi.org/10.1103/physrevd.32.1642},
  year  = {1985},
  month = {oct},
  publisher = {American Physical Society ({APS})},
  volume = {32},
  number = {7},
  pages = {1642--1649},
  author = {Duane A. Dicus and Scott S. D. Willenbrock},
  title = {Higgs bosons from vector-boson fusion in $e^+e^-$, $ep$,  and $pp$ collisions},
  journal = {Physical Review D}
}

@article{Papaefstathiou2013,
  doi = {10.1103/physrevd.87.011301},
  url = {https://doi.org/10.1103/physrevd.87.011301},
  year  = {2013},
  month = {jan},
  publisher = {American Physical Society ({APS})},
  volume = {87},
  number = {1},
  author = {A. Papaefstathiou and L. Yang and others},
  title = {Higgs boson pair production at the {LHC} in the $b\bar{b}W^+W^-$ channel},
  journal = {Physical Review D}
}

@article{Larkoski2017,
author = {A. Larkoski and I. Moult and others},
title = {Jet Substructure at the Large Hadron Collider: A Review of Recent Advances in Theory and Machine Learning},
year = {2017},
eprint = {arXiv:1709.04464},
}

@article{Cui2010,
Author = {Y. Cui and Z. Han and others},
Title = {W-jet Tagging: Optimizing the Identification of Boosted Hadronically-Decaying W Bosons},
Year = {2010},
Eprint = {arXiv:1012.2077},
Howpublished = {Phys.Rev.D83:074023,2011},
Doi = {10.1103/PhysRevD.83.074023},
}

@article{ATLAS2016,
  url = {https://cds.cern.ch/record/2160731/files/ATL-PHYS-PUB-2016-012.pdf},
  year  = {2016},
  month = {jun},
  publisher = {ATLAS Collaboration},
  author = {ATLAS},
  title = {Optimisation of the ATLAS b-tagging performance for the 2016 LHC Run},
  journal = {ATLAS Note}
}

@article{Dolan2012,
Author = {M. Dolan and C. Englert and others},
Title = {Higgs self-coupling measurements at the LHC},
Year = {2012},
Eprint = {arXiv:1206.5001},
Doi = {10.1007/JHEP10(2012)112},
}

@article{Barr2013,
Author = {A. Barr and M. Dolan and others},
Title = {Di-Higgs final states augMT2ed -- selecting $hh$ events at the high luminosity LHC},
Year = {2013},
Eprint = {arXiv:1309.6318},
Doi = {10.1016/j.physletb.2013.12.011},
}

@article{Kling2016,
Author = {F. Kling and T. Plehn and others},
Title = {Mad-Maximized Higgs Pair Analyses},
Year = {2016},
Eprint = {arXiv:1607.07441},
Howpublished = {Phys. Rev. D 95, 035026 (2017)},
Doi = {10.1103/PhysRevD.95.035026},
}

@article{Alves2017,
Author = {A. Alves and T. Ghosh and others},
Title = {Can We Discover Double Higgs Production at the LHC?},
Year = {2017},
Eprint = {arXiv:1704.07395},
Howpublished = {Phys. Rev. D 96, 035022 (2017)},
Doi = {10.1103/PhysRevD.96.035022},
}

@article{Arkani2016,
  title={Physics opportunities of a 100 TeV proton--proton collider},
  author={Arkani-Hamed, Nima and Han, Tao and Mangano, Michelangelo and Wang, Lian-Tao},
  journal={Physics Reports},
  volume={652},
  pages={1--49},
  year={2016},
  publisher={Elsevier}
}

@incollection{Chekanov2003,
  doi = {10.1007/978-3-642-55524-4_51},
  url = {https://doi.org/10.1007/978-3-642-55524-4_51},
  year  = {2003},
  publisher = {Springer Berlin Heidelberg},
  pages = {478--486},
  author = {Sergei Chekanov},
  title = {Jet Algorithms: a Mini-Review},
  booktitle = {Hadron Collider Physics 2002}
}

@article{Barger2013,
Author = {V. Barger and L. Everett and others},
Title = {Higgs-Pair Production and Measurement of the Triscalar Coupling at LHC(8,14)},
Year = {2013},
Eprint = {arXiv:1311.2931},
Doi = {10.1016/j.physletb.2013.12.013},
}

@article{Adhikary2017,
Author = {A. Adhikary and S. Banerjee and others},
Title = {Revisiting the non-resonant Higgs pair production at the HL-LHC},
Year = {2017},
Eprint = {arXiv:1712.05346},
Howpublished = {JHEP 1807 (2018) 116},
Doi = {10.1007/JHEP07(2018)116},
}

@article{Wardrope2015,
  doi = {10.1140/epjc/s10052-015-3439-0},
  url = {https://doi.org/10.1140/epjc/s10052-015-3439-0},
  year  = {2015},
  month = {may},
  publisher = {Springer Nature},
  volume = {75},
  number = {5},
  author = {David Wardrope and Eric Jansen and others},
  title = {Non-resonant Higgs-pair production in the $b\bar{b}b\bar{b}$ final state at the {LHC}},
  journal = {The European Physical Journal C}
}

@article{Davey2017,
author = {W. Davey},
title = {Search for di-Higgs production with the ATLAS detector},
year = {2017},
month = {jul},
publisher = {ATLAS Collaboration},
}

@article{DiVita2017,
  doi = {10.1007/jhep09(2017)069},
  url = {https://doi.org/10.1007/jhep09(2017)069},
  year  = {2017},
  month = {sep},
  publisher = {Springer Nature},
  volume = {2017},
  number = {9},
  author = {S. Di Vita and C. Grojean and G. Panico and M. Riembau and T. Vantalon},
  title = {A global view on the Higgs self-coupling},
  journal = {Journal of High Energy Physics}
}

@article{PhysRevD.98.030001,
  title = {Review of Particle Physics},
  author = {M. Tanabashi and K. Hagiwara and others},
  collaboration = {Particle Data Group},
  journal = {Phys. Rev. D},
  volume = {98},
  issue = {3},
  pages = {030001},
  numpages = {1898},
  year = {2018},
  month = {Aug},
  publisher = {American Physical Society},
  doi = {10.1103/PhysRevD.98.030001},
  url = {https://link.aps.org/doi/10.1103/PhysRevD.98.030001}
}

@article{Rosen1958,
  author = {F. Rosenblatt},
  year = {1958},
  title = {The perceptron: A probabilistic model for information storage and organization in the brain},
  pages = {65--386},
  journal = {Psychological Review}
}

@article{EVERITT1975,
  doi = {10.1192/bjp.126.3.237},
  url = {https://doi.org/10.1192/bjp.126.3.237},
  year  = {1975},
  month = {mar},
  publisher = {Royal College of Psychiatrists},
  volume = {126},
  number = {3},
  pages = {237--240},
  author = {B. S. EVERITT},
  title = {Multivariate Analysis: the Need for Data,  and other Problems},
  journal = {The British Journal of Psychiatry}
}

@article{Chien2018,
Author = {Y. Chien},
Title = {Probing heavy ion collisions using quark and gluon jet substructure with machine learning},
Year = {2018},
Eprint = {arXiv:1808.04708},
}

@article{Hocker2007,
author = {H. Voss and A. Höcker and others},
year = {2007},
month = {March},
pages = {},
title = {TMVA, the Toolkit for Multivariate Data Analysis with ROOT},
journal = {XIth International Workshop on Advanced Computing and Analysis Techniques in Physics Research (ACAT)}
}

@inproceedings{Chen2016,
 author = {Chen, Tianqi and Guestrin, Carlos},
 title = {XGBoost: A Scalable Tree Boosting System},
 booktitle = {Proceedings of the 22Nd ACM SIGKDD International Conference on Knowledge Discovery and Data Mining},
 series = {KDD '16},
 year = {2016},
 isbn = {978-1-4503-4232-2},
 location = {San Francisco, California, USA},
 pages = {785--794},
 numpages = {10},
 url = {http://doi.acm.org/10.1145/2939672.2939785},
 doi = {10.1145/2939672.2939785},
 acmid = {2939785},
 publisher = {ACM},
 address = {New York, NY, USA},
 keywords = {large-scale machine learning},
} 

@article{Collaboration2008,
  doi = {10.1088/1748-0221/3/08/s08003},
  url = {https://doi.org/10.1088/1748-0221/3/08/s08003},
  year  = {2008},
  month = {aug},
  publisher = {{IOP} Publishing},
  volume = {3},
  number = {08},
  pages = {S08003--S08003},
  author = {G. Aad and others},
  title = {The {ATLAS} Experiment at the {CERN} Large Hadron Collider},
  journal = {Journal of Instrumentation}
}

@article{Radovic2018,
  doi = {10.1038/s41586-018-0361-2},
  url = {https://doi.org/10.1038/s41586-018-0361-2},
  year  = {2018},
  month = {aug},
  publisher = {Springer Nature America,  Inc},
  volume = {560},
  number = {7716},
  pages = {41--48},
  author = {A. Radovic and M. Williams and others},
  title = {Machine learning at the energy and intensity frontiers of particle physics},
  journal = {Nature}
}

@article{Giardino2012,
  title={Reconstructing Higgs boson properties from the LHC and Tevatron data},
  author={P. Giardino and K. Kannike and others},
  journal={Journal of High Energy Physics},
  volume={2012},
  number={6},
  pages={117},
  year={2012},
  publisher={Springer}
}

@misc{Mellado2012,
  doi = {10.5170/cern-2012-002},
  url = {http://cds.cern.ch/record/1416519},
  author = {B. Mellado and A. Cooper-Sarkar and others},
  keywords = {Particle Physics - Phenomenology},
  language = {eng},
  title = {Handbook of LHC Higgs Cross Sections: 2. Differential Distributions},
  publisher = {CERN},
  year = {2012}
}

@article{Albertsson2018,
  doi = {10.1088/1742-6596/1085/2/022008},
  url = {https://doi.org/10.1088/1742-6596/1085/2/022008},
  year  = {2018},
  month = {sep},
  publisher = {{IOP} Publishing},
  volume = {1085},
  pages = {022008},
  author = {K. Albertsson and P. Altoe and others}
}

@article{LeCun2015,
  doi = {10.1038/nature14539},
  url = {https://doi.org/10.1038/nature14539},
  year  = {2015},
  month = {may},
  publisher = {Springer Nature},
  volume = {521},
  number = {7553},
  pages = {436--444},
  author = {Y. LeCun and Y. Bengio and others},
  title = {Deep learning},
  journal = {Nature}
}

@article{Guest2018,
  doi = {10.1146/annurev-nucl-101917-021019},
  url = {https://doi.org/10.1146/annurev-nucl-101917-021019},
  year  = {2018},
  month = {oct},
  publisher = {Annual Reviews},
  volume = {68},
  number = {1},
  pages = {161--181},
  author = {D. Guest and K. Cranmer and others},
  title = {Deep Learning and Its Application to {LHC} Physics},
  journal = {Annual Review of Nuclear and Particle Science}
}

@article{Higgs1964,
  title={Broken symmetries and the masses of gauge bosons},
  author={Higgs, Peter W},
  journal={Physical Review Letters},
  volume={13},
  number={16},
  pages={508},
  year={1964},
  publisher={APS}
}

@article{Peterson1989,
  doi = {10.1016/0168-9002(89)91300-4},
  url = {https://doi.org/10.1016/0168-9002(89)91300-4},
  year  = {1989},
  month = {jul},
  publisher = {Elsevier {BV}},
  volume = {279},
  number = {3},
  pages = {537--545},
  author = {Carsten Peterson},
  title = {Track finding with neural networks},
  journal = {Nuclear Instruments and Methods in Physics Research Section A: Accelerators,  Spectrometers,  Detectors and Associated Equipment}
}

@article{Kuznetsov2016,
  title={Predicting dataset popularity for the CMS experiment},
  author={V. Kuznetsov and T. Li and others},
  journal={arXiv preprint arXiv:1602.07226},
  year={2016}
}

@article{Bonacorsi2015,
  title={Monitoring data transfer latency in CMS computing operations},
  author={Bonacorsi, Daniele and Diotalevi, Tommaso and Magini, Nicolo and Sartirana, A and Taze, Meric and Wildish, Tony},
  booktitle={Journal of Physics: Conference Series},
  volume={664},
  number={3},
  pages={032033},
  year={2015},
  organization={IOP Publishing}
}

@article{Lnnblad1992,
  doi = {10.1016/0370-2693(92)90731-i},
  url = {https://doi.org/10.1016/0370-2693(92)90731-i},
  year  = {1992},
  month = {mar},
  publisher = {Elsevier {BV}},
  volume = {278},
  number = {1-2},
  pages = {181--186},
  author = {L. L\"{o}nnblad and C. Peterson and T R\"{o}gnvaldsson},
  title = {Mass reconstruction with a neural network},
  journal = {Physics Letters B}
}

@article{2016,
  author={ATLAS},
  title={Performance of b -jet identification in the ATLAS experiment},
  journal={Journal of Instrumentation},
  volume={11},
  number={04},
  pages={P04008},
  url={http://stacks.iop.org/1748-0221/11/i=04/a=P04008},
  year={2016},
}

@article{Bhat2011,
author = {Bhat, Pushpalatha C.},
title = {Multivariate Analysis Methods in Particle Physics},
journal = {Annual Review of Nuclear and Particle Science},
volume = {61},
number = {1},
pages = {281-309},
year = {2011},
doi = {10.1146/annurev.nucl.012809.104427},
URL = {https://doi.org/10.1146/annurev.nucl.012809.104427},
eprint = {https://doi.org/10.1146/annurev.nucl.012809.104427},
}

@article{ATLAS:2017mpa,
      author         = "ATLAS",
      title          = "{Measurement of the tau lepton reconstruction and
                        identification performance in the ATLAS experiment using
                        $pp$ collisions at $\sqrt{s}=13~{\rm TeV}$}",
      year           = "2017",
      reportNumber   = "ATLAS-CONF-2017-029",
      SLACcitation   = "%%CITATION = ATLAS-CONF-2017-029;%%"
}

@article{Kibble2015,
  doi = {10.1017/s1062798714000520},
  url = {https://doi.org/10.1017/s1062798714000520},
  year  = {2015},
  month = {jan},
  publisher = {Cambridge University Press ({CUP})},
  volume = {23},
  number = {01},
  pages = {36--44},
  author = {Tom W.B. Kibble},
  title = {The Standard Model of Particle Physics},
  journal = {European Review}
}

@misc{physics/0306116,
Author = {Wouter Verkerke and David Kirkby},
Title = {The RooFit toolkit for data modeling},
Year = {2003},
Eprint = {arXiv:physics/0306116},
}

@misc{1009.1003,
Author = {Lorenzo Moneta and Kevin Belasco and Kyle Cranmer and Sven Kreiss and Alfio Lazzaro and Danilo Piparo and Gregory Schott and Wouter Verkerke and Matthias Wolf},
Title = {The RooStats Project},
Year = {2010},
Eprint = {arXiv:1009.1003},
}

@article{Baldi2014,
  doi = {10.1038/ncomms5308},
  url = {https://doi.org/10.1038/ncomms5308},
  year  = {2014},
  month = {jul},
  publisher = {Springer Nature},
  volume = {5},
  number = {1},
  author = {P. Baldi and P. Sadowski and D. Whiteson},
  title = {Searching for exotic particles in high-energy physics with deep learning},
  journal = {Nature Communications}
}

@inproceedings{Bhimji2018,
  title={Deep Neural Networks for Physics Analysis on low-level whole-detector data at the LHC},
  author={W. Bhimji and S. Farrell and others},
  booktitle={Journal of Physics: Conference Series},
  volume={1085},
  number={4},
  pages={042034},
  year={2018},
  organization={IOP Publishing}
}

@inproceedings{Adam2015,
  title={The Higgs boson machine learning challenge},
  author={C. Adam-Bourdarios and G. Cowan and others},
  booktitle={NIPS 2014 Workshop on High-energy Physics and Machine Learning},
  pages={19--55},
  year={2015}
}

@article{Bengio2012,
Author = {Y. Bengio and A. Courville and others},
Title = {Representation Learning: A Review and New Perspectives},
Year = {2012},
Eprint = {arXiv:1206.5538},
}

@inproceedings{Melis2015,
  title={Dissecting the winning solution of the higgsml challenge},
  author={Melis, G{\'a}bor},
  booktitle={NIPS 2014 Workshop on High-energy Physics and Machine Learning},
  pages={57--67},
  year={2015}
}

@BOOK{Murphy,
  TITLE = {Machine Learning},
  SUBTITLE = {A Probabilistic Perspective},
  AUTHOR = {Kevin P. Murphy},
  YEAR = {2012}, 
  PUBLISHER = {Library of Congress},
}

@BOOK{Bishop,
  TITLE = {Pattern Recognition and Machine Learning},
  AUTHOR = {Christopher M. Bishop},
  YEAR = {2006}, 
  PUBLISHER = {Springer},
}

@BOOK{Muller,
  TITLE = {Introduction to Machine Learning with Python},
  SUBTITLE = {A Guide for Data Scientists},
  AUTHOR = {Andreas C. Müller and Sarah Guido},
  YEAR = {2017}, 
  PUBLISHER = {O'Reilly},
}

@BOOK{Griffiths,
  TITLE = {Introduction to Elementary Particles},
  SUBTITLE = {Second, Revised Edition},
  AUTHOR = {David Griffiths},
  YEAR = {2008}, 
  PUBLISHER = {Wiley-VCH},
}

@BOOK{Fernandes,
  TITLE = {Machine Learning},
  SUBTITLE = {A Practical Approach on the Statistical Learning Theory},
  AUTHOR = {R. Fernandes and M. Antonelli},
  YEAR = {2018}, 
  PUBLISHER = {Springer},
}

@BOOK{Goodfellow,
  TITLE = {Deep Learning},
  AUTHOR = {I. Goodfellow and Y. Bengio and A. Courville},
  PUBLISHER={MIT Press},
  NOTE={\url{http://www.deeplearningbook.org}},
  YEAR={2016}
}

@BOOK{Geron,
  TITLE = {Hands-On Machine Learning with Scikit-Learn and TensorFlow},
  SUBTITLE = {Concepts, Tools, and Techniques to Build Intelligent Systems},
  AUTHOR = {Aurélien Géron},
  YEAR = {2017}, 
  PUBLISHER = {O'Reilly},
}

@BOOK{Mitchell,
  TITLE = {Machine Learning},
  AUTHOR = {Tom M. Mitchell},
  YEAR = {1997}, 
  PUBLISHER = {McGraw-Hill Science},
}

@BOOK{Cottingham,
  TITLE = {An Introduction to the Standard Model of Particle Physics},
  SUBTITLE = {Second edition},
  AUTHOR = {W. Cottingham and D. Greenwood and others},
  YEAR = {2001}, 
  PUBLISHER = {Cambridge University Press},
}

@BOOK{Graupe,
  TITLE = {Principles of Artificial Neural Networks},
  SUBTITLE = {Second edition},
  AUTHOR = {Daniel Graupe},
  YEAR = {2007}, 
  PUBLISHER = {World Scientific},
}

@BOOK{Smola,
  TITLE = {Introduction to Machine Learning},
  AUTHOR = {Alex Smola and S.V.N Vishwanathan},
  YEAR = {2008}, 
  PUBLISHER = {Cambridge University Press},
}

@BOOK{Fu,
  TITLE = {Neural Networks in Computer Intelligence},
  AUTHOR = {LiMin Fu},
  YEAR = {1994}, 
  PUBLISHER = {McGraw-Hill},
}

@BOOK{Aggarwal,
  TITLE = {Neural Networks and Deep Learning},
  SUBTITLE = {A Textbook},
  AUTHOR = {C. Aggarwal},
  YEAR = {2018}, 
  PUBLISHER = {Springer},
}

@BOOK{Raschka,
  TITLE = {Python Machine Learning},
  SUBTITLE = {Unlock deeper insights into machine learning with this vital guide to cutting-edge predictive analytics},
  AUTHOR = {S. Raschka},
  YEAR = {2015}, 
  PUBLISHER = {PACKT},
}

@BOOK{James,
  TITLE = {An Introduction to Statistical Learning},
  SUBTITLE = {With Applications in R},
  AUTHOR = {G. James and D. Witten and others},
  YEAR = {2013}, 
  PUBLISHER = {Springer},
}

@BOOK{Buduma,
  TITLE = {Fundamentals of Deep Learning},
  SUBTITLE = {Designing Next-Generation Machine Intelligence Algorithms},
  AUTHOR = {N. Buduma and N. Locascio},
  YEAR = {2017}, 
  PUBLISHER = {O'Reilly},
}

@misc{Zeiler2013,
Author = {M. Zeiler and R. Fergus},
Title = {Visualizing and Understanding Convolutional Networks},
Year = {2013},
Eprint = {arXiv:1311.2901},
}

@article{Silver2016,
  title={Mastering the game of Go with deep neural networks and tree search},
  author={D. Silver and A. Huang and others},
  journal={nature},
  volume={529},
  number={7587},
  pages={484},
  year={2016},
  publisher={Nature Publishing Group}
}

@article{Ji2013,
  doi = {10.1109/tpami.2012.59},
  url = {https://doi.org/10.1109/tpami.2012.59},
  year  = {2013},
  month = {jan},
  publisher = {Institute of Electrical and Electronics Engineers ({IEEE})},
  volume = {35},
  number = {1},
  pages = {221--231},
  author = {S. Ji and W. Xu and others},
  title = {3D Convolutional Neural Networks for Human Action Recognition},
  journal = {{IEEE} Transactions on Pattern Analysis and Machine Intelligence}
}

@article{Schmidhuber2015,
  doi = {10.1016/j.neunet.2014.09.003},
  url = {https://doi.org/10.1016/j.neunet.2014.09.003},
  year  = {2015},
  month = {jan},
  publisher = {Elsevier {BV}},
  volume = {61},
  pages = {85--117},
  author = {J\"{u}rgen Schmidhuber},
  title = {Deep learning in neural networks: An overview},
  journal = {Neural Networks}
}

@article{Ballestrero2015,
  doi = {10.1088/1742-6596/664/2/022008},
  url = {https://doi.org/10.1088/1742-6596/664/2/022008},
  year  = {2015},
  month = {dec},
  publisher = {{IOP} Publishing},
  volume = {664},
  number = {2},
  pages = {022008},
  author = {S Ballestrero and others},
  title = {Design,  Results,  Evolution and Status of the {ATLAS} Simulation at Point1 Project},
  journal = {Journal of Physics: Conference Series}
}

@article{Agostinelli2003,
  doi = {10.1016/s0168-9002(03)01368-8},
  url = {https://doi.org/10.1016/s0168-9002(03)01368-8},
  year  = {2003},
  month = {jul},
  publisher = {Elsevier {BV}},
  volume = {506},
  number = {3},
  pages = {250--303},
  author = {S. Agostinelli and others},
  title = {Geant4{\textemdash}a simulation toolkit},
  journal = {Nuclear Instruments and Methods in Physics Research Section A: Accelerators,  Spectrometers,  Detectors and Associated Equipment}
}

@article{Moyse2005,
url = {https://indico.cern.ch/event/408139/contributions/979862/attachments/815826/1117898/105EdwardMoyse.pdf},
year = {2005},
publisher = {University of Massachusetts and CERN},
author = {E. Moyse and F. $\mathring{A}$kesson},
title = {EVENT DATA MODEL IN ATLAS},
}

@misc{Hoecker2007,
Author = {A. Hoecker and P. Speckmayer and J. Stelzer and J. Therhaag and E. von Toerne and H. Voss and M. Backes and T. Carli and O. Cohen and A. Christov and D. Dannheim and K. Danielowski and S. Henrot-Versille and M. Jachowski and K. Kraszewski and A. Krasznahorkay Jr. and M. Kruk and Y. Mahalalel and R. Ospanov and X. Prudent and A. Robert and D. Schouten and F. Tegenfeldt and A. Voigt and K. Voss and M. Wolter and A. Zemla},
Title = {TMVA - Toolkit for Multivariate Data Analysis},
Year = {2007},
Eprint = {arXiv:physics/0703039},
}

@article{Quinlan1996,
  doi = {10.1145/234313.234346},
  url = {https://doi.org/10.1145/234313.234346},
  year  = {1996},
  month = {mar},
  publisher = {Association for Computing Machinery ({ACM})},
  volume = {28},
  number = {1},
  pages = {71--72},
  author = {J. R. Quinlan},
  title = {Learning decision tree classifiers},
  journal = {{ACM} Computing Surveys}
}

@article{Armstrong2004,
  doi = {10.1016/j.nima.2003.11.079},
  url = {https://doi.org/10.1016/j.nima.2003.11.079},
  year  = {2004},
  month = {feb},
  publisher = {Elsevier {BV}},
  volume = {518},
  number = {1-2},
  pages = {537--541},
  author = {S. Armstrong and others},
  title = {Architecture of the {ATLAS} High Level Trigger Event Selection Software},
  journal = {Nuclear Instruments and Methods in Physics Research Section A: Accelerators,  Spectrometers,  Detectors and Associated Equipment}
}

@article{BiniClass,
 url = {http://www.roma1.infn.it/people/bini/StatEPP_new.pdf},
 year = {2014},
 author = {Cesare Bini},
 title = {Data Analysis in Particle Physics},
}

@article{CMS2017,
  author = {CMS},
  title = {Boosted Decision Trees in the Level-1 Muon Endcap Trigger at CMS},
  year = {2017},
  month = {oct},
  journal = {18th International Workshop on Advanced Computing and Analysis Techniques in Physics Research},
  url = {http://cds.cern.ch/record/2290188?ln=es}
}

@article{Russakovsky2015,
  doi = {10.1007/s11263-015-0816-y},
  url = {https://doi.org/10.1007/s11263-015-0816-y},
  year  = {2015},
  month = {apr},
  publisher = {Springer Nature},
  volume = {115},
  number = {3},
  pages = {211--252},
  author = {O. Russakovsky and J. Deng and others},
  title = {{ImageNet} Large Scale Visual Recognition Challenge},
  journal = {International Journal of Computer Vision}
}

@article{Roe2005,
  doi = {10.1016/j.nima.2004.12.018},
  url = {https://doi.org/10.1016/j.nima.2004.12.018},
  year  = {2005},
  month = {may},
  publisher = {Elsevier {BV}},
  volume = {543},
  number = {2-3},
  pages = {577--584},
  author = {B. Roe and H. Yang and others},
  title = {Boosted decision trees as an alternative to artificial neural networks for particle identification},
  journal = {Nuclear Instruments and Methods in Physics Research Section A: Accelerators,  Spectrometers,  Detectors and Associated Equipment}
}

@article{Sun2015,
Author = {Y. Sun and D. Liang and others},
Title = {DeepID3: Face Recognition with Very Deep Neural Networks},
Year = {2015},
Eprint = {arXiv:1502.00873},
}

@article{Park2015,
  doi = {10.1038/nbt.3313},
  url = {https://doi.org/10.1038/nbt.3313},
  year  = {2015},
  month = {aug},
  publisher = {Springer Nature},
  volume = {33},
  number = {8},
  pages = {825--826},
  author = {Y. Park and M. Kellis},
  title = {Deep learning for regulatory genomics},
  journal = {Nature Biotechnology}
}

@inproceedings{Kumar2016,
  title={Ask me anything: Dynamic memory networks for natural language processing},
  author={A. Kumar and O. Irsoy and others},
  booktitle={International Conference on Machine Learning},
  pages={1378--1387},
  year={2016}
}

@article{Chiappetta1994,
  doi = {10.1016/0370-2693(94)91110-x},
  url = {https://doi.org/10.1016/0370-2693(94)91110-x},
  year  = {1994},
  month = {feb},
  publisher = {Elsevier {BV}},
  volume = {322},
  number = {3},
  pages = {219--223},
  author = {P. Chiappetta and P. Colangelo and others},
  title = {Higgs search by neural networks at {LHC}},
  journal = {Physics Letters B}
}

@article{CERN-OPEN-2012,
  title = {HistFactory: A tool for creating statistical models for use with RooFit and RooStats},
  url = {http://cds.cern.ch/record/1456844},
  year = {2012},
  month = {jan},
  author = {K. Cranmer and others},
  publisher = {CERN},
}

@article{Khachatryan2015,
  doi = {10.1140/epjc/s10052-015-3351-7},
  url = {https://doi.org/10.1140/epjc/s10052-015-3351-7},
  year  = {2015},
  month = {may},
  publisher = {Springer Nature},
  volume = {75},
  number = {5},
  author = {V. Khachatryan and A. Tumasyan and others},
  title = {Precise determination of the mass of the Higgs boson and tests of compatibility of its couplings with the standard model predictions using proton collisions at 7 and 8 {\textdollar}{\textdollar}{\textbackslash}, {\textbackslash}text $\lbrace${TeV}$\rbrace${\textdollar}{\textdollar} {TeV}},
  journal = {The European Physical Journal C}
}

@article{Cho2018,
  doi = {10.1126/science.aav4148},
  url = {https://doi.org/10.1126/science.aav4148},
  year  = {2018},
  month = {sep},
  publisher = {American Association for the Advancement of Science ({AAAS})},
  author = {Adrian Cho},
  title = {Physicists' search for rare Higgs boson pairs could yield new physics},
  journal = {Science}
}

@article{khachatryan2015search,
  title={Search for resonant pair production of Higgs bosons decaying to two bottom quark--antiquark pairs in proton--proton collisions at 8 TeV},
  author={V. Khachatryan and A. Sirunyan and others},
  journal={Physics Letters B},
  volume={749},
  pages={560--582},
  year={2015},
  publisher={Elsevier}
}

@article{PanduroVazquez2016,
  doi = {10.1016/j.nuclphysbps.2015.09.146},
  url = {https://doi.org/10.1016/j.nuclphysbps.2015.09.146},
  year  = {2016},
  month = {apr},
  publisher = {Elsevier {BV}},
  volume = {273-275},
  pages = {939--944},
  author = {William Panduro Vazquez},
  title = {The {ATLAS} Data Acquisition System: from Run 1 to Run 2},
  journal = {Nuclear and Particle Physics Proceedings}
}

@article{Aaboud2018,
  author = {M. Aaboud and G. Aad and B. Abbott and O. Abdinov and others},
  doi = {10.1103/physrevlett.121.191801},
  url = {https://doi.org/10.1103/physrevlett.121.191801},
  year  = {2018},
  month = {nov},
  publisher = {American Physical Society ({APS})},
  volume = {121},
  number = {19},
  title = {Search for Resonant and Nonresonant Higgs Boson Pair Production in the 	$bb\tau \tau$-
		 Decay Channel in 
		pp 	 Collisions at 
		s=13 {T}e{V}
		 with the {ATLAS} Detector},
  journal = {Physical Review Letters}
}

@article{Platt2003,
author = {Patrice Y. Simard and others},
title = {Best Practices for Convolutional Neural Networks Applied to Visual Document Analysis},
year = {2003},
month = {August},
publisher = {Institute of Electrical and Electronics Engineers, Inc.},
url = {https://www.microsoft.com/en-us/research/publication/best-practices-for-convolutional-neural-networks-applied-to-visual-document-analysis/}
}

@article{maltoni2001associated,
  title={Associated production of the Higgs boson and a single top quark at hadron colliders},
  author={Maltoni, F and Paul, K and Stelzer, T and Willenbrock, S},
  journal={Physical Review D},
  volume={64},
  number={9},
  pages={094023},
  year={2001},
  publisher={APS}
}

@article{Koren2009,
  title={The bellkor solution to the netflix grand prize},
  author={Y. Koren},
  journal={Netflix prize documentation},
  volume={81},
  number={2009},
  pages={1--10},
  year={2009}
}

@article{Saleh2014,
Author = {B. Saleh and K. Abe and others},
Title = {Toward Automated Discovery of Artistic Influence},
Year = {2014},
Eprint = {arXiv:1408.3218},
}

@misc{ExpWP,
  author = {CERN},
  title = {Experiments},
  year = 2019,
  url = {https://home.cern/science/experiments},
}

@misc{ATLASWP,
  author = {CERN},
  title = {ATLAS},
  year = 2019,
  url = {https://home.cern/science/experiments/atlas},
}

@misc{doublehWP,
  author = {ATLAS},
  title = {ATLAS searches for double Higgs production},
  year = 2018,
  url = {atlas.cern/updates/physics-briefing/atlas-searches-double-higgs-production},
}

@misc{MLWP,
  author = {Abha Phoboo},
  title = {Machine Learning wins the Higgs Challenge},
  year = 2014,
  url = {http://cds.cern.ch/record/1972036},
}

@misc{symmWP,
  author = {Tobias Haas},
  title = {Particle Event},
  year = 2018,
  url = {https://www.symmetrymagazine.org/sites/default/files/legacy/pdfs/200707/60_seconds.pdf},
}